% Encoding: UTF-8

@Misc{data,
  author = {HarshaVardhan},
  title  = {Indian Premier League},
  year   = {2016},
  owner  = {Kaggle},
  url    = {https://www.kaggle.com/harsha547/indian-premier-league-csv-dataset/data},
}

@Misc{code,
  month = {11},
  year  = {2017},
  url   = {https://github.com/bigdata-i523/hid228/tree/master/project/code%20and%20data},
}

@Misc{requirements,
  author = {Prashanth Swargam},
  title  = {requirements},
  month  = {11},
  year   = {2017},
  url    = {https://github.com/bigdata-i523/hid228/blob/master/project/requirements.txt},
}

@Comment{jabref-meta: databaseType:bibtex;}
