% Encoding: UTF-8

@InProceedings{8078837,
  author    = {B, Li and X, Ming and G, Li},
  title     = {Big data analytics platform for flight safety monitoring},
  booktitle = {2017 IEEE 2nd International Conference on Big Data Analysis (ICBDA)(},
  year      = {2017},
  pages     = {350-353},
  month     = {March},
  doi       = {10.1109/ICBDA.2017.8078837},
  keywords  = {Big Data;Business;Data analysis;Data visualization;Decoding;Monitoring;Safety;architectural framework;big data;business process;flight safety monitoring},
}

@Comment{jabref-meta: databaseType:bibtex;}
