% Encoding: UTF-8

@Article{Munshi2017,
  author  = {Amr A. Munshi and Yasser A.- R.I.Mohamed},
  title   = {Big data framework for analytics in smart grid},
  journal = {Electric Power Systems},
  year    = {2017},
}

@Article{Yu,
  author = {Nanpeng Yu and Sunil Shah and Mingguo Hong and Kenneth Loparo},
  title  = {Big Data Analytics in Power Distribution Systems},
  year   = {2015},
}

@Article{Tu2016,
  author  = {Chunming Tu and Xi He and Zhikang Shuai and Fei Jeing},
  title   = {Big data issues in smart grid},
  journal = {Renewable and Sustainable Energy Reviews},
  year    = {2016},
}

@Comment{jabref-meta: databaseType:bibtex;}
